<record xmlns='http://www.loc.gov/MARC21/slim'><leader>01138cim a22003372u 4500</leader><controlfield tag='001'>3603273</controlfield><controlfield tag='005'>20151214183248.0</controlfield><controlfield tag='007'>ss|lmnjluz|nuu</controlfield><controlfield tag='008'>991101s1989    nyunnn         l    eng d</controlfield><datafield ind1=' ' ind2=' ' tag='035'><subfield code='a'>(NIC)notisASG0338</subfield></datafield><datafield ind1=' ' ind2=' ' tag='035'><subfield code='a'>3603273</subfield></datafield><datafield ind1=' ' ind2=' ' tag='035'><subfield code='a'>(OCoLC)63900672</subfield></datafield><datafield ind1=' ' ind2=' ' tag='040'><subfield code='a'>NIC</subfield><subfield code='c'>NIC</subfield><subfield code='d'>NIC</subfield><subfield code='d'>NIC</subfield></datafield><datafield ind1='1' ind2=' ' tag='100'><subfield code='a'>Giovanni, Nikki.</subfield></datafield><datafield ind1='1' ind2='0' tag='245'><subfield code='a'>Nikki Giovanni: an afternoon of poetry</subfield><subfield code='h'>[sound recording]</subfield></datafield><datafield ind1=' ' ind2=' ' tag='260'><subfield code='c'>1989.</subfield></datafield><datafield ind1=' ' ind2=' ' tag='300'><subfield code='a'>1 sound cassette :</subfield><subfield code='b'>analog, mono.</subfield></datafield><datafield ind1=' ' ind2=' ' tag='500'><subfield code='a'>Recorded in Ithaca, NY by Cornell University.</subfield></datafield><datafield ind1=' ' ind2=' ' tag='500'><subfield code='a'>Sponsored by: Third World Student Programming Board.</subfield></datafield><datafield ind1=' ' ind2=' ' tag='500'><subfield code='a'>Speaker(s): Poet, recording artist and lecturer.</subfield></datafield><datafield ind1=' ' ind2=' ' tag='518'><subfield code='a'>Reading, November 18, 1989.</subfield></datafield><datafield ind1=' ' ind2=' ' tag='520'><subfield code='a'>Giovanni reads six of her poems.</subfield></datafield><datafield ind1='1' ind2='0' tag='600'><subfield code='a'>Giovanni, Nikki.</subfield></datafield><datafield ind1=' ' ind2='0' tag='650'><subfield code='a'>Poetry</subfield><subfield code='x'>Modern</subfield><subfield code='y'>20th century.</subfield></datafield><datafield ind1='1' ind2='7' tag='600'><subfield code='a'>Giovanni, Nikki</subfield><subfield code='2'>fast</subfield><subfield code='0'>(OCoLC)fst00049850</subfield></datafield><datafield ind1=' ' ind2='7' tag='648'><subfield code='a'>1900 - 1999</subfield><subfield code='2'>fast</subfield></datafield><datafield ind1=' ' ind2='7' tag='650'><subfield code='a'>Poetry, Modern</subfield><subfield code='2'>fast</subfield><subfield code='0'>(OCoLC)fst01067769</subfield></datafield><datafield ind1=' ' ind2='0' tag='830'><subfield code='a'>Third world festival of the arts 89.</subfield></datafield><datafield ind1='1' ind2=' ' tag='899'><subfield code='a'>CULectures</subfield></datafield><datafield ind1=' ' ind2=' ' tag='905'><subfield code='a'>20000404120000.0</subfield></datafield><datafield ind1='2' ind2=' ' tag='948'><subfield code='a'>20141221</subfield><subfield code='b'>m</subfield><subfield code='d'>batch</subfield><subfield code='e'>lts</subfield><subfield code='x'>addfast</subfield></datafield></record>